2806 4688
938 335 1018 394 ⁸,
1102 337 1154 386 11·

211 497 217 511 ”
242 445 370 584 ιιιίιόι,Ι
395 461 686 588 Emmerli'nginm
705 493 746 564 ad
768 493 882 566 locum
900 495 932 564 11
947 493 1025 562 Cor.
1044 511 1076 580 1,
1091 495 1146 562 ιδ.

134 595 184 663 de
209 593 392 664 Particulis
413 589 528 663 ama„
505 621 527 677 η
548 599 744 688 disputasse,
768 621 847 665 cum
868 597 962 666 aliud
986 605 1150 682 sequatur
1261 605 1279 693 J

40 731 44 738 ·
122 691 206 790 xii,
223 709 274 762 ut
293 696 376 765 duas
404 699 463 766 hic
492 699 641 768 diversas
675 700 856 768 sententias
886 696 1051 782 distingui
1084 713 1151 790 per
1266 773 1273 786 ,
1387 751 1388 766 .

74 803 84 818 ’
143 775 497 896 particulasd-mii,
533 786 690 892 aperturis
718 802 784 895 sit:
823 823 933 892 neque
961 797 1148 866 animalia
1193 813 1197 822 “
1305 839 1308 848 ·

144 901 189 966 ad
208 923 268 984 yos
285 901 551 988 perscribimus,
578 925 679 991 quam
700 886 759 968 aut
780 925 818 970 ea
833 939 885 958 ·-·
904 912 962 968 aut
980 922 1036 986 eu,
1060 921 1147 987 quae

144 1012 227 1091 ete,
250 1003 341 1090 quod
364 1026 443 1069 eum
469 1002 550 1092 alii,
575 1014 651 1072 tum
671 1002 821 1070 Zeunius
842 1006 884 1071 ad
907 1001 990 1092 vig.
1011 1022 1045 1090 p
1070 999 1145 1083 475

141 1113 233 1168 recte
252 1116 516 1192 perspexerunt.
558 1101 669 1199 At,'
657 1106 793 1196 inquis,
813 1103 928 1172 hoc
899 1129 930 1172 si
953 1123 1076 1186 veruta
1097 1123 1148 1168 es·
1213 1109 1218 1120 ’

130 1213 203 1294 set,
229 1204 420 1293 scripsisset
432 1205 559 1279 Paulus
574 1153 689 1272 cill'u
665 1230 688 1269 α
703 1199 727 1287 ἢ
740 1245 793 1260 --
806 1199 831 1288 ἢ
844 1207 912 1274 καὶ.
963 1203 1115 1288 Quod
1081 1225 1158 1274 ιιι.

63 1301 69 1318 “
142 1304 358 1374 crediderim.
420 1305 520 1373 Nihil
547 1305 732 1376 arianista
767 1308 1015 1425 particularum
1045 1304 1147 1372 treis·

141 1407 252 1473 ctione
293 1419 345 1474 est
376 1405 610 1498 frequentius,
647 1409 783 1476 velut
771 1433 809 1476 m
836 1409 977 1476 Platone
1018 1400 1144 1476 Phaed.

141 1502 172 1600 §.
194 1508 251 1596 98.
290 1507 420 1582 Heind.
438 1503 483 1578 sai
504 1533 538 1576 τε
560 1502 649 1578 nasci
668 1501 731 1590 τὴν
749 1505 976 1596 γυμναστικήν
997 1507 1056 1573 καὶ
1082 1502 1146 1588 τήν
1224 1557 1227 1566 ·
1294 1581 1302 1596 ,

140 1603 319 1699 ἰατρικὴν,
344 1611 407 1677 ubi
432 1635 468 1678 τε
492 1623 570 1701 post
589 1603 677 1677 κατιι
701 1602 764 1692 τήν
784 1613 922 1679 demum
948 1609 1054 1678 inseri
1080 1610 1145 1675 de·

141 1709 251 1783 bebat
301 1713 455 1780 Eandem
478 1735 556 1778 rem
572 1711 675 1780 habes
699 1715 790 1802 apud
811 1705 955 1792 Liuium
981 1715 1049 1800 32,
1078 1707 1143 1778 ιιι

141 1833 222 1902 pars
242 1813 277 1879 in
299 1812 418 1902 fugam
444 1812 545 1883 effusi
564 1817 661 1882 su'nt·
652 1837 786 1904 ,pars,
806 1814 894 1911 quia
908 1813 1034 1912 tnagis
1048 1813 1143 1879 locus

139 1911 243 2002 fugae
272 1915 403 2004 deerat,
430 1939 532 2007 quam
557 1916 648 2006 quod
669 1915 776 1984 animi
799 1916 881 1984 satis
910 1930 994 1982 esset
1017 1913 1058 1982 ad
1080 1933 1145 2002 pu·

66 2040 70 2056 ¹
139 2037 265 2104 gnam,
298 2041 378 2086 cum
406 2017 616 2087 subtitissent
644 2039 706 2086 etc.
732 2019 793 2086 ubi
821 2021 909 2118 rita
891 2017 944 2089 vis
967 2015 1054 2110 quia
1082 2037 1142 2080 ex·
1177 2026 1182 2041 '

138 2120 353 2236 spectaveris.
405 2119 500 2204 Quid
525 2121 651 2212 quod'
639 2145 679 2189 ιιι
701 2121 818 2188 eadem
834 2119 1005 2186 Particnla
1028 2112 1075 2182 ita
1091 2115 1142 2208 fit,

99 2269 101 2278 .
137 2217 237 2284 utin
257 2221 345 2290 Luc
369 2221 457 2292 Pisc.
480 2246 513 2313 p.
530 2227 588 2316 57.
617 2217 704 2298 Ood.
716 2166 1148 2339 bonusallertlectiopeni

137 2317 261 2388 Belino
280 2333 373 2391 recte
398 2323 592 2415 probatam:
610 2319 664 2412 μή
686 2316 769 2394 alicu
789 2321 931 2440 μανείην
945 2314 1030 2408 ἐγώ,
1058 2310 1145 2400 ἢὼς

138 2416 392 2514 βλάςιφημσν
358 2428 465 2493 sanein
481 2451 515 2493 τι
529 2452 550 2512 η
567 2421 693 2498 σκαιόν
719 2423 960 2514 sedquoniam
976 2423 1142 2492 Emmert.

140 2523 184 2588 ad
204 2521 239 2595 h.
256 2523 278 2589 l.
302 2527 344 2590 de
363 2527 544 2615 particulis
569 2519 687 2592 ἀλλ”
662 2551 685 2608 η
706 2549 803 2615 agere
819 2524 967 2614 placuit,
986 2537 1026 2591 ut
1044 2547 1143 2592 suem

139 2626 313 2714 quandam
335 2625 377 2694 de
402 2649 519 2694 earum
546 2627 678 2694 ratione
697 2623 901 2694 'sententium
922 2637 1140 2718 proponeret,

137 2739 274 2794 nostrae
297 2749 390 2794 nunc
404 2751 478 2796 eam
494 2728 721 2818 qualicunque
729 2749 890 2796 censurae
909 2725 1142 2796 subiiciemus.

138 2827 279 2895 Scilicet
305 2828 364 2919 qui
395 2831 437 2898 de
464 2829 711 2918 significatione
743 2820 866 2898 stt*
841 2855 863 2911 η
890 2829 1141 2920 particularum
1178 2904 1189 2923 ἱ

137 2943 341 3016 monerent,
352 2929 470 3020 plures
490 2930 619 3022 reperti
643 2941 743 3019 aunt,
771 2943 813 2998 ut
835 2930 1073 2997 Hemsterhus.
1097 2929 1141 2998 ad

134 3029 279 3099 Lucian.
298 3031 341 3100 Τ.
355 3031 413 3100 ΠΙ.
438 3033 511 3126 376
534 3035 590 3104 ed.
610 3031 733 3100 Lehm.
748 3021 934 3100 Valkenar.
952 3031 993 3097 ad
1016 3027 1140 3120 Eurip.
1221 3023 1228 3032 ’

136 3133 283 3224 Hippot.
313 3157 393 3226 pag.-
412 3150 497 3223 922.
548 3133 670 3201 Elmsl.
704 3135 747 3202 ad
776 3133 861 3202 Eur.
886 3129 1027 3200 Herael.
1055 3131 1139 3212 426.

134 3233 267 3306 Βιιιιιιι.
295 3238 338 3303 ad
367 3235 529 3325 Sophocl.
548 3229 680 3304 *Electn
707 3233 790 3329 874·
818 3233 862 3302 nl.
889 3231 996 3301 Pauci
1023 3245 1141 3302 eontra
1200 3221 1205 3228 ’
1244 3265 1274 3292 ν,

134 3335 263 3402 ιιιιιιιιι
296 3335 547 3432 particularum
587 3337 757 3404 rationem
794 3336 1025 3427 pervestigare
1061 3347 1141 3403 sunt
1188 3387 1190 3392 -

137 3437 268 3527 cenati,
304 3460 452 3527 quorum
471 3437 732 3506 ‘sententias-tri
734 3436 860 3528 partito
882 3437 965 3504 licet
987 3434 1143 3504 conside·

65 3544 68 3558 “
134 3561 262 3606 remus.
313 3536 490 3607 Dissident
521 3535 615 3607 enirn
641 3541 734 3606 inter
757 3561 792 3605 se
820 3537 973 3608 Zeunius
992 3541 1035 3606 ad
1057 3537 1140 3627 Vig.
1181 3579 1184 3586 ι

120 3663 170 3731 p.
199 3637 292 3728 4716,
307 3631 478 3712 'Emmerl
498 3641 540 3706 ad
562 3639 597 3708 ιι.
615 3641 641 3705 l.
666 3638 778 3736 (cuius
797 3651 912 3705 tamen
936 3638 1140 3707 sententiam
1192 3635 1204 3651 ⁸
1269 3715 1271 3722 Α

134 3738 364 3831 iampridem
388 3741 654 3831 praeripuerat,
677 3740 735 3806 sed
762 3741 856 3806 nulla
885 3763 983 3808 causa
1013 3740 1138 3827 addita,
1244 3758 1274 3809 ·.

132 3843 243 3909 Reitz.
260 3843 312 3909 *nd
332 3841 478 3910 Lucian.
497 3840 539 3911 Τ.
556 3841 618 3907 IV.
636 3865 670 3932 p.
692 3859 758 3930 711
792 3843 844 3912 ed.
870 3839 1028 3930 Lotus.)
1044 3841 1139 3909 deni-

133 3959 200 4035 que
220 3944 442 4014 Hermannus
462 3945 506 4012 ad
527 3943 611 4034 vig.
638 3929 798 4037 ps812,
828 3944 884 4010 cui
911 3963 1023 4034 nuper
1044 3943 1139 4034 obleg-
