2798 4686
1023 373 1041 470 f
1072 353 1170 452 sn,

107 510 113 518 .
143 533 239 624 'quod
254 559 320 604 nos
346 535 633 624 maximeangit‘,
666 537 742 629 quis
776 544 817 606 sit
839 505 933 626 ille.
950 531 992 605 de
1010 507 1086 626 οόό·
1101 537 1142 608 Ρ.

139 648 283 725 questus
304 650 366 723 est,
391 633 538 728 σκόλοψ,Ι
558 638 596 704 id
616 661 757 730 prorsus
773 639 940 709 infectum
958 631 1140 732 reliquisti.

27 761 33 773 ¹
147 737 301 806 Audio
290 743 371 804 rstns’
392 759 502 824 voces,
522 762 671 830 neque
655 761 709 806 eas
726 753 839 808 tumen
864 765 1035 823 curarem,
1061 739 1138 826 nisi,
1229 815 1235 829 .

144 863 233 928 quae
254 839 382 904 dixerit
399 842 486 906 mule
506 840 542 904 Ρ.
560 819 730 938 σκόλοπα,
744 843 935 932 perspicue,
954 855 991 908 et
1005 854 1043 908 ut
1061 841 1139 907 nul

145 942 180 1008 la
196 935 423 1028 relinquatur
444 941 622 1025 dubitatio,
656 965 701 1012 aa
721 943 776 1026 iis,
811 965 905 1040 qnae
930 954 1137 1057 sequuntur,
1234 993 1235 1000 .

146 1044 263 1110 doceri
284 1053 403 1130 posset.
453 1041 614 1110 Dicerem
640 1051 742 1111 enim
753 1044 881 1112 frustra
906 1068 977 1111 eue
1000 1067 1032 1112 v.
1050 1037 1136 1108 σκό-

110 1151 113 1162 ’
143 1147 228 1236 λοψ,
242 1137 380 1227 ἄγγελος
392 1139 501 1210 σατᾶν
517 1157 549 1210 et
566 1145 762 1235 κολαφίζειν
776 1145 932 1232 extundi,
956 1167 1041 1234 quae
1054 1165 1139 1217 uon·

144 1247 214 1314 nisi
244 1247 414 1311 malorum
434 1246 714 1340 gravissimorum
747 1269 1031 1336 quorumcunque
1050 1269 1136 1312 con-

145 1349 276 1414 tineant
300 1343 542 1434 significatum.
588 1348 653 1413 Sed
674 1373 752 1415 cum
780 1348 844 1436 ego'
866 1349 959 1415 hunc
981 1340 1137 1414 σκόλοπα

146 1450 296 1546 explico,
315 1471 359 1514 ne
376 1447 450 1536 quis
468 1471 524 1515 me
539 1450 662 1517 multas
679 1451 753 1516 illes
769 1475 788 1517 a
805 1449 852 1518 V.
871 1451 914 1516 D.
928 1449 986 1514 hic
1001 1465 1135 1538 sparsas
1215 1495 1219 1506 .
1241 1475 1243 1483 ,
1277 1467 1280 1482 ·

144 1550 520 1640 ineptinscollecturum
531 1563 651 1640 speret,
668 1567 749 1639 ques
761 1547 1136 1640 congerereinfinitum,

145 1653 334 1721 diiudicare
348 1653 490 1740 prorsus
508 1664 557 1717 e'st
572 1652 704 1719 inutile.
730 1653 795 1720 Sed
805 1677 849 1720 ne
866 1653 1007 1720 omnino
1023 1653 1136 1718 deesse

144 1761 182 1823 in
198 1756 259 1820 huc
275 1774 374 1819 causa
390 1751 594 1841 quibusdam
613 1754 743 1842 videar,
760 1755 842 1821 haec
857 1777 965 1844 peuce
981 1774 1137 1820 comme-

141 1881 262 1941 moro,
295 1853 378 1920 alios
406 1855 446 1929 de
476 1855 596 1951 morbo
629 1847 780 1921 ’σκόλοπα
801 1849 1014 1946 explicuisse,
1042 1851 1138 1920 etde

140 1953 351 2050 κεφαλαλγία
377 1954 515 2045 quidem
544 1957 614 2024 ium
643 1959 770 2026 veteres
791 1959 1005 2041 nonnullos,
1039 1957 1157 2044 quos„

141 2061 172 2128 si
198 2083 216 2126 e
242 2058 358 2149 paucis
384 2057 581 2144 recesseris,
616 2059 749 2148 egregie
785 2058 947 2126 refutavit
983 2057 1137 2146 Chryso·

143 2174 275 2229 stamus
303 2159 399 2227 adh.
425 2160 478 2245 1.,-
496 2161 538 2224 de
560 2156 794 2228 melancholia
817 2155 1134 2256 hypochondriaca

141 2261 351 2332 Wedelium
378 2255 440 2356 [cf.
449 2261 559 2330 Wolf
555 2256 597 2356 .,]
615 2263 655 2326 dc
668 2245 936 2330 haimorrlzoide
953 2259 1137 2326 Berthold

142 2377 219 2433 tum
249 2361 392 2433 Einleit.
412 2385 446 2451 p.
467 2362 575 2452 5375.
602 2361 696 2452 [nam
725 2362 830 2427 huius
841 2360 1007 2450 ,inquit‚
1038 2360 1137 2426 dolor

142 2465 311 2537 eiusmodi
325 2472 385 2547 est,
410 2474 450 2528 ut
469 2464 546 2552 palo
563 2462 773 2565 perforatum
795 2411 857 2529 tibi
874 2476 1008 2553 tergum
1025 2461 1138 2530 videa·

141 2569 447 2663 tur],quamqua1n
462 2565 490 2630 is
508 2564 595 2630 hunc
607 2551 801 2631 retractavit
815 2566 1015 2630 sententiam
1025 2562 1064 2627 in
1077 2586 1136 2650 pe-

132 2671 266 2742 culiari
279 2667 362 2734 deh.
378 2669 400 2732 l.
411 2669 639 2733 dissertatione
657 2665 809 2756 [Erlang.
828 2667 932 2736 1820.
943 2677 977 2731 et
996 2659 1134 2757 1821.‚]

45 2845 47 2852 ,
143 2773 242 2840 cuius
271 2781 434 2858 quantum
453 2767 538 2834 olim
558 2767 753 2855 perlicere
742 2773 808 2856 ipsi
831 2765 947 2851 licuit,
974 2787 1135 2858 recusum

66 2855 70 2866 ¹
141 2875 225 2945 vide
240 2878 275 2938 in
291 2873 324 2938 b.
344 2868 608 2946 Bertholdti
630 2867 757 2957 Opusr.
773 2865 864 2937 ac'ed.
888 2867 1001 2958 [LipS.
1014 2865 1132 2951 1824]

141 2985 191 3068 p.
209 2975 279 3042 134
303 2995 375 3060 sqq.
425 2973 465 3038 de
499 2963 670 3064 epilepsia
707 2969 902 3058 Zicglerum
937 2963 1133 3062 [Theolog.

141 3071 331 3149 Ablzandl.
354 3073 397 3160 ll,
435 3065 553 3165 127.],
588 3091 631 3137 ne
658 3071 753 3136 hunc
781 3071 982 3136 morborum
1010 3069 1134 3134 catelo·

142 3201 229 3268 gum
258 3175 402 3241 ulterius
431 3193 634 3262 persequar,
667 3173 751 3240 ulios
778 3186 890 3238 autem
921 3170 1137 3236 diversissimi

98 3320 101 3326 ·
143 3277 278 3368 generis
304 3288 427 3342 taetros
451 3297 504 3341 res
519 3275 707 3364 significari
729 3274 857 3340 insulse
878 3271 1070 3356 coniecisse,
1097 3282 1136 3336 ut

131 3374 351 3462 iniectiones,
373 3401 455 3464 quas
479 3375 609 3463 dicunt,
637 3379 849 3446 Satanaer
822 3375 958 3465 [Muttlr.
979 3375 1018 3456 st,
1035 3366 1134 3464 5sq.]
1230 3375 1233 3382 “

136 3480 368 3578 [Arovvsmit
356 3478 402 3543 h
405 3478 432 3570 ]
443 3488 481 3541 ut
496 3499 594 3545 arces
604 3475 1134 3545 conscientiaemorsusobmale

144 3585 230 3652 olim
244 3593 402 3652 vexatum
416 3577 592 3645 ecclesiam
613 3577 841 3690 christianam,
863 3591 902 3645 ut
924 3576 1133 3648 tentationes

142 3745 350 3765 n—-n--nb

230 3850 343 3904 odorem
361 3867 417 3903 cue
435 3848 586 3912 declarant,
610 3861 737 3918 quecun·
754 3851 870 3900 manem
886 3861 913 3902 ιι
930 3846 1010 3898 vtum
1032 3843 1134 3895 intent.

133 3935 139 3986 Ῑ
229 3939 284 3994 διὰ
309 3939 373 3998 lues
399 3935 537 4004 quidsm'
531 3954 559 3986 m
583 3938 728 4002 praesentia
766 3938 856 4002 paucis
880 3948 998 3994 monere
1028 3923 1136 4012 placuit.

159 4017 168 4027 .
227 4029 295 4082 nam
313 4043 369 4078 rem
387 4024 478 4078 multis
495 4023 580 4074 verbis
597 4021 713 4088 indigem
729 4036 754 4076 ct
775 4024 907 4078 illustrare
929 4021 1010 4090 magis
1029 4031 1068 4116 ct.
1068 4034 1137 4096 conf

227 4105 342 4170 tirsum
352 4114 415 4178 aliu
440 4109 508 4165 mihi
524 4124 563 4170 ca
579 4111 781 4183 propositum.
