2798 4686
1067 333 1141 414 ste

143 515 187 585 sit
207 530 287 582 sum
310 505 463 604 ordiam,
478 509 637 594 nehuuc
658 511 1080 606 quidamsdivasuuaae
1095 513 1153 594 ab?

142 609 359 698 οἷοθτνείατς,
383 607 551 698 ἀνάγκαις
574 651 597 696 -χ
618 652 639 664 -
665 607 746 703 ὑπὲρ
772 611 917 704 Χριστοῦ
937 617 974 682 in
997 631 1141 707 promtu

62 739 67 747 ·
144 730 205 786 est.
255 717 351 783 Huic
369 715 592 803 explicationi
617 714 753 803 singula
776 737 913 806 'quoque
941 718 1028 784 bene
1054 739 1139 784 eon-

145 800 295 888 renssrnt.
346 817 503 886 Primum
526 817 619 884 euim
651 831 743 884 recte
768 841 840 882 asse
861 821 1023 886 Praesens
1041 821 1140 886 uota·

144 918 227 1013 φίζῃ
240 927 391 1010 positum
412 918 541 1008 liquet,
564 930 603 984 ut
623 925 659 984 iu
680 919 943 1005 calamitatibuS,
964 922 1062 1006 ,quaa
1087 943 1140 987 es-

143 1035 219 1090 sent
243 1017 438 1102 diuturnae,
459 1022 750 1110 quemadmodum
771 1021 884 1110 ipsum
897 1022 1047 1110 apostoli
1066 1045 1142 1088 mu·

146 1147 231 1206 nus,
269 1145 289 1192 a
316 1141 384 1210 quo
413 1143 521 1188 nexae
551 1123 816 1222 suerunt‚¹non
841 1121 909 1190 fuit
929 1123 1033 1188 unius
1058 1135 1144 1190 tem-

146 1231 238 1315 poris
260 1224 448 1307 momenti,
480 1224 538 1290 sad
556 1231 659 1291 totius
685 1225 783 1296 vitae.
835 1224 948 1305 Quam
973 1227 1144 1292 Praesen-

146 1326 192 1392 tis
207 1325 279 1395 rim
298 1327 464 1416 sitomnes
483 1325 754 1415 perpendissent,
777 1347 848 1394 nou
864 1326 1033 1394 eiusmodi
1048 1350 1144 1394 mor·

148 1427 214 1516 bis,
235 1427 297 1517 qui
318 1418 384 1494 cito
400 1439 590 1511 transeunt,
613 1427 762 1496 Paulum
781 1428 935 1494 laborare
957 1426 1145 1495 existimas*
1249 1496 1252 1506 ,

127 1542 241 1620 sent,
265 1553 368 1616 quam
393 1530 649 1617 perversitatem
664 1551 724 1612 eo,
757 1530 849 1618 quod
871 1529 940 1594 non
965 1527 1144 1622 κολαφὶσῃ,
1175 1565 1181 1579 ·

148 1631 208 1696 aed
231 1628 400 1722 κολαφίζῃ
427 1633 468 1722 1³,
495 1633 647 1722 scripsit,
673 1629 743 1696 iam
764 1631 913 1720 explosit
939 1630 1149 1720 Chrysostoq

147 1755 236 1800 mus.
286 1731 418 1798 Deinde
444 1732 547 1798 etiam
572 1733 638 1800 hoc
662 1731 882 1820 manifestum
911 1744 970 1814 est,
989 1745 1022 1798 et
1042 1753 1145 1820 quarn

149 1828 283 1901 fuerint
314 1844 406 1898 recte
431 1831 494 1914 hae
522 1836 561 1901 in
595 1834 859 1902 administrando
880 1856 1033 1910 munere
1049 1834 1173 1900 cala-·

147 1931 283 2002 mitatea
308 1934 417 2002 dictae
436 1929 576 2020 ἄγγελος
596 1930 716 2022 aaron,
744 1949 776 2002 et
799 1959 861 2000 cur
879 1961 944 2026 per
965 1935 1147 2002 dominum

151 2033 206 2134 [h.
220 2059 249 2108 e.
275 2028 469 2130 Christum]
493 2028 546 2124 eas
566 2051 711 2106 remotas
736 2036 895 2106 voluerit.
947 2038 1147 2123 Numquae

12 2133 13 2158 ¹
118 2225 123 2237 ζ
149 2141 192 2210 P·
213 2151 373 2225 tanquam
395 2131 605 2224 Apostolum
625 2137 791 2226 urgebant
813 2141 922 2223 mala,
964 2161 1002 2204 ea
1035 2159 1149 2202 esen.

150 2234 258 2306 tentia
276 2243 478 2328 nostrorum,
491 2248 698 2332 scriptorum
728 2240 792 2320 yix
821 2252 978 2327 poteraut
1009 2240 1050 2304 ab
1080 2238 1148 2306 alio

150 2347 230 2408 'nata
263 2363 351 2424 esse,
373 2334 452 2406 'uisi
481 2365 501 2410 a
532 2336 671 2429 Sa'taua,
705 2341 848 2431 capitali·
867 2342 919 2409 rei
952 2333 1150 2446 christianae

153 2442 311 2525 inimico,
337 2450 408 2530 qui,
424 2456 590 2531 quotquot
610 2455 718 2509 essent
742 2443 816 2508 eius
835 2444 1090 2532 impedimenta,
1113 2465 1152 2510 aa

153 2540 335 2628 obiecisset
345 2544 472 2630 omnia,
486 2568 595 2634 neque
603 2545 646 2611 ab
655 2546 728 2610 ullo
741 2545 954 2612 commodius
967 2544 1152 2630 removeri,

153 2646 222 2713 nisi
246 2672 265 2714 a
285 2647 361 2714 Iesu
381 2645 517 2734 Messia',
543 2659 576 2713 et
594 2668 672 2714 suas
692 2648 746 2712 res
767 2668 944 2734 nunquam
966 2642 1034 2711 nou
1055 2656 1153 2711 tuen·

155 2758 204 2837 te,
225 2760 258 2814 et
279 2748 438 2814 Satanam
457 2749 553 2815 omni
575 2764 730 2836 ternpore
749 2747 851 2816 facile
876 2746 1063 2836 subigente,
1087 2747 1152 2812 ali-

155 2851 291 2938 quando
312 2860 424 2915 autem
446 2841 542 2916 ouini
564 2835 599 2918 vi
619 2849 826 2940 spoliatura,
869 2847 1055 2944 Tumduit
1075 2871 1156 2938 pro·
1237 2887 1238 2893 κ

158 2951 267 3038 fecto,
307 2951 397 3038 quod
422 2951 655 3040 praesentibus
684 2951 783 3016 malis
812 2950 920 3018 levari
944 2970 979 3014 se
1004 2957 1155 3036 cupiens,

117 3067 120 3070 ’
159 3065 214 3122 ter
228 3053 260 3117 h.
274 3073 302 3120 e.
323 3051 455 3140 saepius
473 3053 667 3144 [chrysost.
694 3056 777 3143 τρὶς,
802 3053 950 3119 τουτέστι
969 3045 1158 3144 πολλάκις]

147 3155 241 3222 adeo
263 3155 305 3219 ad
326 3155 505 3222 dominum
518 3155 678 3221 mitteret
695 3177 821 3244 preces.
871 3154 962 3218 Nam
977 3151 1160 3232 rehemeu·
1234 3223 1236 3234 A

160 3255 210 3322 tia
234 3253 395 3352 fuerunt,
422 3266 475 3341 et,
508 3263 688 3346 quominus
711 3280 811 3344 causa
829 3253 1011 3321 christiana
1033 3277 1160 3342 magna

162 3368 300 3446 caperet
315 3357 537 3445 incrementa,
553 3359 720 3448 impedire
737 3357 952 3425 videbantur.
988 3354 1159 3444 Denique,

162 3470 203 3526 ut
228 3459 304 3541 alia,
328 3469 367 3522 ut
386 3458 424 3524 in
445 3467 625 3550 perspicua
640 3484 691 3548 re,
713 3471 936 3548 praeteream,
961 3455 1028 3524 hoo
1051 3479 1162 3524 uuum

151 3561 298 3646 addam,
325 3571 440 3626 nostra
461 3563 603 3649 probata
629 3560 796 3628 sententia
815 3561 901 3626 bene
923 3561 965 3624 ad
989 3582 1063 3624 rem
1083 3583 1165 3648 pro·
1221 3596 1226 3606 s

160 3661 309 3751 positam
339 3663 505 3748 quadrare
531 3683 733 3754 responsum
754 3659 898 3742 domini,
914 3662 981 3748 'qui
1005 3661 1164 3750 Paulum,

162 3773 204 3828 ut
226 3784 353 3831 novam
375 3758 565 3831 doctrinam
585 3766 661 3832 sina
681 3759 849 3830 molestiis
871 3761 1077 3827 annunciare
1097 3761 1165 3852 ipsi

165 3861 307 3950 liceret,
339 3874 533 3952 petentem,
569 3867 632 3933 hae
658 3866 777 3931 reiecit
804 3883 905 3932 voce:
935 3853 1036 3950 ἄρκεῖ
1061 3885 1115 3930 σοι
1142 3859 1167 3943 ἦ

162 3955 261 4056 χάρις
282 3981 352 4052 μου·
374 3957 395 4044 ἦ
416 3959 482 4056 γάρ
508 3961 648 4053 δύναμίς
667 3985 728 4052 μου
748 3967 784 4031 ἐν
805 3959 968 4050 ἀσθενείᾳ
990 3959 1169 4032 τελειοῦται

168 4089 202 4139 τ.
223 4089 257 4160 9.
286 4089 431 4158 οιτον.
462 4069 513 4136 sic
542 4070 698 4166 explica:
727 4067 774 4139 sit
806 4061 870 4136 tibi
893 4064 1006 4149 satis,
1038 4077 1073 4135 te
1097 4087 1170 4138 esse
