2798 4686
180 378 191 388 ‘
259 347 330 436 154

200 539 202 544 ’
252 536 505 632 ’Ἀροιιοὶιινις
528 534 919 625 ιαῑαινίιαιιναιιιιινι
931 557 1063 609 munus
1083 533 1159 610 noli
1180 558 1250 608 ca-

254 651 390 736 petere,
425 643 515 730 quod
534 662 597 732 per
616 641 713 706 illam
743 663 818 708 mea
846 641 899 712 vis
928 640 1057 730 optime
1077 640 1253 708 elucescit.

149 823 152 836 Ι
255 743 393 825 Quanto
417 741 526 830 igitur
551 740 737 830 sapientius
763 743 962 831 posterioris
991 736 1105 808 aetatis
1135 741 1251 808 inter-

254 845 433 943 pestibus
446 841 505 910 hic
542 854 690 912 versatos
723 845 925 932 putabimus
968 844 1053 910 duce
1090 833 1252 933 Chryso-

256 948 365 1016 stomo
395 947 512 1014 Patres
546 957 703 1035 graecos,
732 944 811 1032 qui,
851 967 929 1012 eum
959 967 1029 1010 non
1059 941 1251 1014 ostentandi

254 1047 388 1139 ingenii
424 1069 522 1112 causa
564 1047 607 1112 ad
633 1045 801 1112 eiusmodi
834 1047 908 1114 loca
935 1045 1170 1133 accessissent,
1216 1053 1251 1110 et

253 1153 345 1219 mele
366 1168 461 1215 sanas
480 1147 628 1213 aliorum
654 1147 833 1214 sententias
861 1147 957 1224 facili
984 1148 1119 1234 negotio
1147 1144 1250 1215 rani-

254 1252 333 1320 tet'is
355 1251 576 1319 convicerunt
602 1245 660 1338 [cf.
684 1249 966 1338 chrysostomum
994 1262 1112 1314 contra
1138 1242 1251 1340 κιφα-

255 1351 398 1437 λαλγίας
437 1349 608 1439 paullinus
637 1349 786 1416 fautores
817 1343 1074 1444 disputantem}
1097 1359 1131 1414 et
1161 1351 1249 1438 quae

223 1471 317 1523 ‚sua
338 1447 553 1546 simplicitate
575 1463 607 1516 et
636 1451 868 1518 convenientia
897 1473 932 1517 se
960 1453 1116 1519 maxime
1147 1473 1249 1522 ,com-

100 1637 106 1646 ,
225 1556 465 1640 Ιιιιιιιάιιιει,
501 1555 591 1619 hunc
616 1553 740 1641 potius,
771 1575 873 1641 quom
905 1566 1031 1619 temere
1066 1552 1248 1620 confictam

188 1709 191 1725 ,
254 1679 381 1728 novam
414 1654 717 1721 defenderemus
745 1647 968 1722 dubitarunt?
1017 1655 1100 1720 Inde
1132 1667 1248 1720 autem

254 1761 383 1830 factum
407 1767 475 1841 est,
500 1757 540 1820 ut
564 1777 698 1844 verum
714 1754 767 1822 illi
788 1768 903 1822 nostro
930 1755 962 1821 ls‘
979 1767 1248 1844 assequerentur.
1353 1817 1359 1822 .

239 1859 479 1929 ''Transscribo
493 1851 589 1944 huc,
614 1857 776 1943 quoniam
796 1857 839 1923 ob
858 1855 1059 1924 brevitatem
1080 1851 1176 1924 suum
1203 1857 1248 1923 ad
1294 1914 1299 1926 ι

254 1963 294 2032 id
314 1960 472 2049 inprimis
492 1968 568 2047 apte
595 1959 747 2049 videtur,
779 1957 1073 2025 Theodoreti»
1091 1945 1246 2048 explica·
1340 1953 1354 1961 ⁸

252 2066 394 2133 tionem.
443 2061 472 2126 ls
487 2079 623 2124 sensum
648 2083 680 2131 v.
708 2083 742 2151 7.
767 2060 801 2132 h.
821 2083 855 2153 vz
880 2067 1065 2150 expressit:
1092 2051 1149 2140 τῆς
1167 2051 1248 2144 ἐμῆς

252 2160 273 2235 ὁ
300 2155 458 2242 δεσπότης
477 2153 758 2251 προμηθούμενος
786 2154 944 2252 ὠφελείας
968 2157 1043 2238 τούς
1066 2161 1247 2228 παντόδα-

253 2291 339 2344 ποις
359 2285 419 2350 μοι
453 2255 674 2347 consutiones
696 2253 908 2352 πειρασμούς,
929 2257 1034 2355 casira
1055 2254 1092 2328 ια’
1112 2256 1247 2353 φρόνη-

253 2394 303 2456 μα
323 2359 470 2454 χαλινῶν
490 2367 549 2429 καὶ
568 2356 630 2428 otia
654 2362 757 2430 εἴκων
764 2356 955 2481 ὐιιὲρογνόν
976 2388 1010 2430 τι
1024 2362 1246 2448 λοιίσαςθαι·

253 2465 398 2554 ἄγγελον
422 2460 490 2554 γιὶο
521 2459 630 2530 σατᾶν
662 2459 723 2545 τας
751 2455 861 2552 ὕβρεις
891 2466 949 2530 καὶ
980 2460 1042 2542 coir
1071 2464 1248 2556 παροινίας

253 2575 314 2638 ιιαι
329 2593 390 2645 τας
411 2558 476 2633 τῶν
498 2559 646 2651 δήμων
630 2560 874 2643 επανασιάσεις
893 2559 1039 2632 ἐκάλεσε.
1062 2571 1136 2646 καὶ
1156 2563 1247 2634 τοῦ·

251 2695 300 2740 το
324 2671 368 2737 ἐν
390 2669 487 2744 τοῖς
510 2663 644 2747 ἑξῆς
629 2663 860 2757 ιρμηνεύει
885 2669 1189 2759 σαφέστερον·

220 2834 223 2848 .
314 2785 607 2872 Desinantigitur
626 2783 805 2872 aliquando
823 2785 991 2873 bacchari,
1009 2793 1067 2874 qui
1087 2788 1244 2856 certatim

252 2892 441 2962 etiamnum
459 2898 701 2978 procurrentes
728 2887 839 2953 missis
864 2888 984 2955 cet-eris
1008 2887 1158 2960 huiusl.
1179 2891 1247 3000 dif-

250 2990 460 3064 ficultatibus
479 2987 568 3054 nihil
586 2987 699 3077 potius
719 2989 853 3074 habent,
879 3012 978 3077 quam
999 3000 1037 3054 ut
1055 2991 1148 3056 hunc
1163 2968 1245 3058 satis

141 3170 145 3183 Ι
250 3103 353 3166 ieme
374 3091 544 3161 veteribus
565 3089 803 3178 interpretibus
826 3089 1076 3156 manifestatum
1097 3085 1248 3186 audiena
1297 3128 1300 3132 ·

242 3195 384 3266 suave!
402 3196 564 3278 doctrine,
589 3191 679 3259 vel
667 3191 805 3278 1ngenio
827 3190 922 3281 quasi
943 3213 961 3256 e
986 3187 1133 3257 tenebris
1155 3216 1246 3286 pro·
1328 3215 1333 3230 ¹

250 3299 400 3367 trahant
445 3294 502 3358 Sic
524 3293 624 3358 enim¹
635 3313 705 3358 non
722 3305 831 3383 potest
851 3293 939 3378 fieri,
964 3294 1047 3381 qui-n
1064 3314 1109 3359 ex
1131 3294 1247 3383 eliqua

214 3399 374 3493 mentis
396 3393 580 3481 caligine
569 3417 639 3460 lam
672 3391 713 3458 sb
742 3395 812 3461 illis
846 3407 1062 3511 perspectum
1094 3388 1247 3462 σκόλοπα

249 3525 319 3570 non
334 3501 495 3600 ¹uidentes,
522 3519 592 3562 non
613 3493 686 3560 sinc
706 3495 878 3588 sanguinis
898 3495 1129 3587 profusione'
1118 3519 1155 3564 m
1180 3496 1246 3565 hae

47 3602 53 3631 ‘
141 3623 147 3634 ·
249 3623 357 3696 vepre
382 3599 532 3668 deinde
522 3619 588 3688 1ps1
579 3595 769 3667 haereant.

615 3851 617 3858 '
646 3847 849 3866 m
