2800 4684
624 439 627 446 .
1089 375 1148 456 77Ὶ
1222 428 1223 432 =

34 597 36 601 .
139 533 204 632 [el.
222 463 399 603 Matthiae
417 523 526 630 Ausf.
549 553 610 630 gr.
639 533 704 606 Gr
696 559 762 627 p
785 533 923 634 714.‚]
935 537 1022 622 sire
1035 528 1208 630 [nem
1174 593 1178 626 ,
1250 465 1253 486 '

142 533 344 726 iterumque
354 635 433 702 fieri
454 635 556 726 lieet]
580 635 729 724 aliquam
760 641 963 714 sententiam
980 663 1045 728 per
1071 665 1135 709 ur·
1188 669 1192 688 ·

141 738 330 805 benitatem
349 756 566 826 suppressam
591 739 821 806 arbitrerish.
843 761 891 806 r:
929 728 1102 818 Vellem
1096 755 1133 814 et

141 841 216 934 ipse
223 837 413 912 Paulum
436 837 575 922 audire,
597 841 627 907 si
648 839 686 908 id
711 835 777 909 tibi
798 831 933 934 volupe
954 834 1132 940 futurum
1195 842 1200 850 Χ
1234 882 1236 890 s

139 941 280 1013 sedern.
330 934 526 1030 Respondet
548 936 724 1029 Agrippa:
750 963 850 1012 erus
848 945 921 1010 erit
940 938 1006 1012 tibi
1027 941 1132 1012 illum
1218 967 1221 976 ·

126 1025 435 1134 Κιιιιιιίιιιιιιιιτοριίι.
454 1041 623 1159 Depique
625 1042 658 1110 Il
672 1046 752 1128 Cur.
775 1043 905 1158 ιι,,4.
902 1066 973 1110 ιιοιι
991 1036 1135 1164 quidem
1193 1096 1197 1130 ,
1238 1054 1241 1074 ¹

141 1141 375 1231 agnitam,
404 1142 465 1230 qui
492 1137 525 1208 ιί
540 1138 768 1235 κηρύσσει-
791 1135 1002 1232 ιιιιιέχοισιιΗ
985 1167 1033 1212 αν
1050 1146 1135 1214 scri·

116 1265 117 1273 ¹
140 1245 178 1312 bi
197 1244 349 1334 potuisse
367 1255 490 1331 negem
511 1243 545 1310 b.
566 1247 747 1314 sententia:
780 1249 975 1340 Tanquam
993 1255 1133 1317 certum

140 1369 244 1440 pano,
259 1338 329 1443 ful
329 1367 390 1415 sos
411 1345 571 1414 docteres
588 1335 833 1415 adulterinam
865 1345 1035 1417 Corinthi
1055 1363 1133 1418 tra·

48 1497 49 1508 ι
141 1446 224 1516 dere
247 1447 477 1516 doctrinam
457 1489 471 1524 ,
506 1461 585 1514 tum
601 1439 804 1563 fortusse[
787 1443 882 1542 [nam
904 1449 970 1514 id
960 1463 1071 1516 meert
1073 1473 1133 1518 um

143 1544 219 1643 est]
241 1543 329 1616 bene
348 1545 419 1616 scil
443 1569 498 1615 eos
516 1548 725 1641 exceperitis
749 1549 819 1639 [cf
839 1549 1075 1624 Heindorf
1090 1553 1133 1620 ad

140 1651 223 1716 rat.
241 1617 385 1736 rista.
397 1672 431 1737 p
454 1649 526 1738 557
550 1651 583 1714 a
605 1650 688 1739 573
717 1630 887 1720 scaeda
915 1651 955 1716 aa
985 1643 1132 1767 dionys.

140 1751 224 1820 Hal.
247 1774 281 1839 p.
309 1744 419 1839 231.].
468 1747 606 1818 Verum
636 1761 752 1826 tamen
783 1751 872 1818 hano
901 1745 1049 1856 optatis}
1073 1777 1162 1850 po

31 1934 34 1942 .
143 1863 298 1939 testatem
325 1873 393 1916 non
415 1849 513 1940 prius
539 1849 690 1940 tribuam
718 1852 954 1943 imperfecto,
972 1877 1076 1954 quam
1105 1853 1136 1922 si

141 1954 230 2042 quis
228 1928 345 2044 [quod
360 1963 571 2042 auguramur
574 1947 745 2022 Calendis
760 1955 888 2044 graecis
902 1951 1134 2051 eventurum]

142 2055 356 2144 Temporum
393 2066 493 2142 atque
523 2055 710 2123 Medorum
744 2056 980 2144 Euallagen
969 2081 1038 2130 ram
1072 2059 1137 2128 du·

143 2160 226 2225 dum
247 2157 342 2223 illam
366 2157 540 2244 explosam
559 2179 677 2225 rursus
704 2151 915 2229 stabiliverit.

199 2259 397 2346 Reliquum
412 2270 472 2340 est,
491 2270 531 2322 ut
545 2260 712 2329 nonnulla
720 2261 883 2328 disseram
891 2261 971 2329 dev
981 2261 1027 2348 5,
1036 2241 1135 2377 cuius

145 2355 188 2440 de
203 2383 299 2426 nexu
313 2384 392 2426 eum
412 2359 684 2427 antecedentibus
698 2374 732 2430 et
750 2362 888 2450 quinam
904 2362 973 2428 sint
987 2361 1020 2428 oi
1034 2351 1137 2454 ιιιιιρο
1231 2403 1234 2408 -
1254 2435 1258 2456 ³

141 2461 219 2530 λίαν
235 2455 415 2567 ιιιιόσιιιλιιι
435 2459 627 2528 dubitatum
650 2475 702 2530 est
714 2465 755 2530 ab
776 2463 1032 2553 interpretibus.
1072 2463 1137 2530 Co·

142 2565 261 2632 haeret
276 2549 390 2630 autem
411 2561 441 2627 is
465 2559 679 2629 hauddubie
699 2587 763 2653 per
785 2565 875 2635 hanc
896 2564 1138 2633 intermediam

125 2665 347 2736 'sententiam
370 2687 450 2730 eum
473 2663 766 2754 praecedentibus.
797 2663 846 2734 Id
858 2641 1052 2759 perpetem
1064 2657 1137 2762 fu·

145 2769 240 2854 citis,
274 2768 365 2854 quod
393 2764 464 2853 scil.
498 2789 595 2835 aures
623 2763 720 2844 falsis
761 2767 956 2834 doctoribus
988 2767 1151 2886 benigne
1208 2803 1211 2807 ·
1272 2787 1275 2794 ’

146 2870 233 2938 detis
253 2863 302 2964 [v.
323 2867 386 2958 4].
404 2845 541 2933 Etenim
564 2853 635 2935 ιιοιι
659 2893 737 2936 sum
767 2868 917 2966 deterior
947 2859 1041 2958 illis,
1073 2849 1151 2957 qui
1254 2943 1256 2952 s

16 3041 19 3049 ,
143 2971 210 3040 sibi
231 2992 410 3066 permagnr
399 2950 590 3038 ridentur
615 2967 790 3060 Apostoli
839 2969 1034 3058 Plerique
1021 2981 1138 3036 mter·-

145 3091 260 3164 pretes
280 3083 400 3160 putant
423 3069 612 3141 Paulum
600 3073 754 3143 annuisse
778 3070 967 3158 Iacobum,
993 3069 1137 3138 Petrum

144 3185 179 3242 et
198 3173 379 3253 Ioannem,
405 3193 552 3260 quonam
572 3184 646 3240 tum
671 3175 787 3242 aetatis
813 3195 949 3242 summa
972 3168 1089 3240 brit·
1077 3197 1138 3238 m·-
1235 3177 1242 3207 '
1314 3205 1318 3224 ι

66 3267 71 3284 '
145 3287 200 3342 ter
219 3273 428 3348 Christianos
447 3273 627 3342 auctoritas
655 3271 753 3370 [Gal.
775 3299 808 3348 ς.
829 3269 892 3368 9.].
941 3271 1141 3364 Ριιιιιιιιιιιι.Ι
1180 3287 1191 3312 “
1239 3318 1241 3326 ·

78 3422 80 3426 -
144 3377 240 3444 Nam
273 3385 511 3464 praeterquam
543 3379 635 3465 quod
665 3378 702 3444 P.
734 3399 808 3446 nen
836 3378 913 3444 sins
944 3370 1139 3468 laetationis
1225 3419 1228 3427 ·

146 3475 342 3569 suspicione
360 3473 432 3542 illis
453 3499 488 3543 ee
512 3477 752 3572 aequiparare·
769 3478 958 3570 potuisset,
991 3501 1037 3546 ne
1069 3476 1139 3544 hee

145 3579 286 3668 quidem
311 3576 534 3669 intelligitur,
562 3581 648 3667 quid
663 3579 790 3648 horum
815 3578 883 3647 sibi
900 3578 989 3649 velit
1005 3575 1138 3646 mentio
1173 3598 1177 3612 ’
1225 3637 1227 3647 ι

145 3681 220 3769 ibi,
246 3679 309 3744 ubi
327 3677 531 3748 inclinatum
551 3681 813 3751 Corinthiorum
833 3682 876 3749 ad
895 3689 999 3752 vanos
1023 3679 1139 3772 deetp·
1214 3686 1222 3715 ²

147 3780 205 3850 res
231 3780 386 3848 animum
406 3781 677 3869 reprebendens5
708 3783 774 3852 'his
806 3807 864 3868 se,
897 3803 970 3848 ιιοιι
1001 3778 1139 3872 Iacobo,¹
1151 3814 1155 3826 r
1245 3782 1248 3794 '

10 3947 14 3954 .
147 3881 253 3952 Petro
283 3893 317 3950 et
347 3881 466 3949 Ioanni
497 3901 570 3953 non
590 3906 721 3977 parem
750 3907 820 3952 esse
841 3883 956 3956 dicere
982 3881 1134 3952 debebat.

4 3989 5 3996 '
126 4010 130 4028 t
148 3985 265 4069 Quare
282 3983 399 4052 nullus
420 3981 555 4074 dubita·
574 3985 658 4076 quin
671 3986 709 4055 P.
730 3981 800 4072 hic,
821 3984 885 4054 'ubi
903 3994 1038 4075 semper
1055 4006 1155 4074 pem·

144 4087 247 4165 rellit
272 4085 383 4158 varies
408 4085 453 4156 ob
475 4083 609 4182 sauses,
623 4102 671 4180 ‘ut
689 4100 838 4184 propter
860 4084 1001 4177 falsam,
1027 4105 1132 4178 quam
1187 4177 1192 4188 x
1281 4077 1286 4132 l
